@inproceedings{handwritten,
  title={Handwritten digit recognition with a back-propagation network},
  author={LeCun, Yann and Boser, Bernhard E and Denker, John S and Henderson, Donnie and Howard, Richard E and Hubbard, Wayne E and Jackel, Lawrence D},
  booktitle={Advances in neural information processing systems},
  pages={396--404},
  year={1990}
}

@article{housing,
author = {Harrison, David and Rubinfeld, Daniel},
year = {1978},
month = {03},
pages = {81-102},
title = {Hedonic housing prices and the demand for clean air},
volume = {5},
journal = {Journal of Environmental Economics and Management},
doi = {10.1016/0095-0696(78)90006-2}
}

@article{koza,
author = {Koza, John and Rice, James},
year = {2004},
month = {02},
pages = {},
title = {Automatic Programming of Robots using Genetic Programming}
}

@article{relatedwork1,
  author    = {Adarsh Sehgal and
               Hung Manh La and
               Sushil J. Louis and
               Hai Nguyen},
  title     = {Deep Reinforcement Learning using Genetic Algorithm for Parameter
               Optimization},
  journal   = {CoRR},
  volume    = {abs/1905.04100},
  year      = {2019},
  url       = {http://arxiv.org/abs/1905.04100},
  archivePrefix = {arXiv},
  eprint    = {1905.04100},
  timestamp = {Mon, 27 May 2019 13:15:00 +0200},
  biburl    = {https://dblp.org/rec/journals/corr/abs-1905-04100.bib},
  bibsource = {dblp computer science bibliography, https://dblp.org}
}

@article{relatedwork2,
  author    = {Felipe Petroski Such and
               Vashisht Madhavan and
               Edoardo Conti and
               Joel Lehman and
               Kenneth O. Stanley and
               Jeff Clune},
  title     = {Deep Neuroevolution: Genetic Algorithms Are a Competitive Alternative
               for Training Deep Neural Networks for Reinforcement Learning},
  journal   = {CoRR},
  volume    = {abs/1712.06567},
  year      = {2017},
  url       = {http://arxiv.org/abs/1712.06567},
  archivePrefix = {arXiv},
  eprint    = {1712.06567},
  timestamp = {Mon, 13 Aug 2018 16:46:09 +0200},
  biburl    = {https://dblp.org/rec/journals/corr/abs-1712-06567.bib},
  bibsource = {dblp computer science bibliography, https://dblp.org}
}

@article{relatedwork3,
  author    = {Richard Evans and
               Edward Grefenstette},
  title     = {Learning Explanatory Rules from Noisy Data},
  journal   = {CoRR},
  volume    = {abs/1711.04574},
  year      = {2017},
  url       = {http://arxiv.org/abs/1711.04574},
  archivePrefix = {arXiv},
  eprint    = {1711.04574},
  timestamp = {Mon, 27 Jan 2020 16:21:19 +0100},
  biburl    = {https://dblp.org/rec/journals/corr/abs-1711-04574.bib},
  bibsource = {dblp computer science bibliography, https://dblp.org}
}

@article{pirl,
  author    = {Abhinav Verma and
               Vijayaraghavan Murali and
               Rishabh Singh and
               Pushmeet Kohli and
               Swarat Chaudhuri},
  title     = {Programmatically Interpretable Reinforcement Learning},
  journal   = {CoRR},
  volume    = {abs/1804.02477},
  year      = {2018},
  url       = {http://arxiv.org/abs/1804.02477},
  archivePrefix = {arXiv},
  eprint    = {1804.02477},
  timestamp = {Mon, 13 Aug 2018 16:47:58 +0200},
  biburl    = {https://dblp.org/rec/journals/corr/abs-1804-02477.bib},
  bibsource = {dblp computer science bibliography, https://dblp.org}
}

@article{atari,
  author    = {Dennis G. Wilson and
               Sylvain Cussat{-}Blanc and
               Herv{\'{e}} Luga and
               Julian F. Miller},
  title     = {Evolving simple programs for playing Atari games},
  journal   = {CoRR},
  volume    = {abs/1806.05695},
  year      = {2018},
  url       = {http://arxiv.org/abs/1806.05695},
  archivePrefix = {arXiv},
  eprint    = {1806.05695},
  timestamp = {Mon, 13 Aug 2018 16:46:45 +0200},
  biburl    = {https://dblp.org/rec/journals/corr/abs-1806-05695.bib},
  bibsource = {dblp computer science bibliography, https://dblp.org}
}

@article{gprl,
  author    = {Daniel Hein and
               Steffen Udluft and
               Thomas A. Runkler},
  title     = {Interpretable Policies for Reinforcement Learning by Genetic Programming},
  journal   = {CoRR},
  volume    = {abs/1712.04170},
  year      = {2017},
  url       = {http://arxiv.org/abs/1712.04170},
  archivePrefix = {arXiv},
  eprint    = {1712.04170},
  timestamp = {Tue, 04 Dec 2018 07:36:12 +0100},
  biburl    = {https://dblp.org/rec/journals/corr/abs-1712-04170.bib},
  bibsource = {dblp computer science bibliography, https://dblp.org}
}

@article{atari2,
  author    = {Volodymyr Mnih and
               Koray Kavukcuoglu and
               David Silver and
               Alex Graves and
               Ioannis Antonoglou and
               Daan Wierstra and
               Martin A. Riedmiller},
  title     = {Playing Atari with Deep Reinforcement Learning},
  journal   = {CoRR},
  volume    = {abs/1312.5602},
  year      = {2013},
  url       = {http://arxiv.org/abs/1312.5602},
  archivePrefix = {arXiv},
  eprint    = {1312.5602},
  timestamp = {Mon, 13 Aug 2018 16:47:42 +0200},
  biburl    = {https://dblp.org/rec/journals/corr/MnihKSGAWR13.bib},
  bibsource = {dblp computer science bibliography, https://dblp.org}
}
